@misc{Lince2024,
    author = {Eduardo Lince Gomez},
    title = {Técnicas de generación
de números aleatorios mediante sistemas dinámicos discretos},
    howpublished = {\url{https://github.com/EduardoLinceGomez/Tecnicas_de_generacion_de_numeros_aleatorios_mediante_sistemas_dinamicos_discretos}},
    note = {GitHub}
}
@book{gut2013probability,
  title={Probability: A Graduate Course},
  author={Gut, A.},
  isbn={9781461447078},
  lccn={2012941281},
  series={Springer Texts in Statistics},
  url={https://books.google.com.mx/books?id=9TmRgPg-6vgC},
  year={2013},
  publisher={Springer New York}
}
@book{billingsley1995probability,
  title        = {Probability and Measure},
  author       = {Patrick Billingsley},
  year         = {1995},
  edition      = {3rd},
  publisher    = {John Wiley \& Sons, Inc.},
  series       = {Wiley Series in Probability and Mathematical Statistics},
  address      = {New York},
  isbn         = {0-471-00710-2},
  note         = {Includes bibliographical references and index}
}
@book{GVK164761632,
  added-at = {2009-08-21T10:05:12.000+0200},
  address = {New York},
  author = {Billingsley, {Patrick}},
  biburl = {https://www.bibsonomy.org/bibtex/2c93ed3583b4f256df361b76581da486e/fbw_hannover},
  edition = {3. ed},
  interhash = {3cf7b61d5ac1b8d37413bf74f4507d4e},
  intrahash = {c93ed3583b4f256df361b76581da486e},
  isbn = {0471007102},
  keywords = {Maßtheorie Wahrscheinlichkeitsrechnung},
  pagetotal = {XII, 593},
  ppn_gvk = {164761632},
  publisher = {Wiley},
  series = {A Wiley-Interscience publication},
  timestamp = {2009-08-21T10:15:35.000+0200},
  title = {Probability and measure},
  url = {http://gso.gbv.de/DB=2.1/CMD?ACT=SRCHA&SRT=YOP&IKT=1016&TRM=ppn+164761632&sourceid=fbw_bibsonomy},
  year = 1995
}

@book{Ross_07,
  added-at = {2020-11-16T00:29:59.000+0100},
  author = {Ross, Sheldon M.},
  biburl = {https://www.bibsonomy.org/bibtex/2cf2f2ebe8dfa9141a6bcb875b5efb517/derek-jones},
  data = {NA},
  edition = {9th},
  interhash = {a1944c3ad62e06930be2a4b3da43d58f},
  intrahash = {cf2f2ebe8dfa9141a6bcb875b5efb517},
  isbn = {0-12-598062-0},
  keywords = {imported},
  online = {book},
  publisher = {Academic Press},
  timestamp = {2020-11-16T00:29:59.000+0100},
  title = {Introduction to Probability Models},
  year = 2007
}
@book{grimmett2001probability,
  abstract = {This textbook provides a wide-ranging and entertaining indroduction to probability and random processes and many of their practical applications. It includes many exercises and problems with solutions.},
  added-at = {2016-02-17T14:41:35.000+0100},
  address = {Oxford; New York},
  author = {Grimmett, Geoffrey and Stirzaker, David},
  biburl = {https://www.bibsonomy.org/bibtex/29fffae34d5addcd814a03275ea6284de/krassi},
  interhash = {9e023bc0f37e304148d2a3cd4abf32f6},
  intrahash = {9fffae34d5addcd814a03275ea6284de},
  isbn = {0198572239 9780198572237 0198572220 9780198572220},
  keywords = {probability random},
  publisher = {Oxford University Press},
  refid = {46928776},
  timestamp = {2016-02-17T14:41:35.000+0100},
  title = {Probability and random processes},
  url = {http://www.worldcat.org/search?qt=worldcat_org_all&q=9780198572220},
  year = 2001
}
@article{STEIN20091143,
title = {A new method to simulate the triangular distribution},
journal = {Mathematical and Computer Modelling},
volume = {49},
number = {5},
pages = {1143-1147},
year = {2009},
issn = {0895-7177},
doi = {https://doi.org/10.1016/j.mcm.2008.06.013},
url = {https://www.sciencedirect.com/science/article/pii/S0895717708002665},
author = {William E. Stein and Matthew F. Keblis},
keywords = {Simulation, Triangular distribution, Two-sided power distribution},
abstract = {A new method is developed to simulate the triangular distribution. The result is of interest from a practical as well as a theoretical viewpoint. The new method is surprisingly simple and is more efficient than the standard method of simulation by inversion of the cumulative distribution function. The method is also generalized to simulate the two-sided power distribution.}
}

@book{Knuth1997,
  author    = {Donald E. Knuth},
  title     = {The Art of Computer Programming, Volume 2: Seminumerical Algorithms},
  edition   = {3rd},
  year      = {1997},
  publisher = {Addison-Wesley}
}

@article{Park1988,
  author    = {S. K. Park and K. W. Miller},
  title     = {Random number generators: Good ones are hard to find},
  journal   = {Communications of the ACM},
  volume    = {31},
  number    = {10},
  pages     = {1192--1201},
  year      = {1988}
}

@article{Matsumoto1998,
  author    = {Makoto Matsumoto and Takuji Nishimura},
  title     = {Mersenne Twister: A 623-dimensionally equidistributed uniform pseudo-random number generator},
  journal   = {ACM Transactions on Modeling and Computer Simulation (TOMACS)},
  volume    = {8},
  number    = {1},
  pages     = {3--30},
  year      = {1998}
}

@misc{Eastlake2001,
  author    = {Donald Eastlake and Paul Jones},
  title     = {US Secure Hash Algorithm 1 (SHA1)},
  howpublished = {RFC 3174},
  year      = {2001}
}

@article{May1976,
  author    = {Robert M. May},
  title     = {Simple mathematical models with very complicated dynamics},
  journal   = {Nature},
  volume    = {261},
  number    = {5560},
  pages     = {459--467},
  year      = {1976}
}

@article{Wolfram1983,
  author    = {Stephen Wolfram},
  title     = {Statistical mechanics of cellular automata},
  journal   = {Reviews of Modern Physics},
  volume    = {55},
  number    = {3},
  pages     = {601--644},
  year      = {1983}
}

@book{Schuster2005,
  author    = {Heinz Georg Schuster and Wolfram Just},
  title     = {Deterministic Chaos: An Introduction},
  edition   = {4th},
  year      = {2005},
  publisher = {Wiley-VCH Verlag}
}

@incollection{Stipcevic2014,
  author    = {Mario Stipčević and Çetin Kaya Koç},
  title     = {True Random Number Generators},
  booktitle = {Open Problems in Mathematics and Computational Science},
  pages     = {275--315},
  year      = {2014},
  publisher = {Springer, Cham}
}
@book{BaltazarLarios2024,
  author    = {Fernando Baltazar-Larios and Sergio Iván López Ortega},
  title     = {Simulación Estocástica},
  year      = {2024},
  publisher = {Facultad de Ciencias, UNAM}
}

@article{Wolfram1986,
  author    = {Stephen Wolfram},
  title     = {Random Sequence Generation by Cellular Automata},
  journal   = {Advances in Applied Mathematics},
  volume    = {7},
  pages     = {123--169},
  year      = {1986}
}

@article{Lehmer1951,
  author    = {D. H. Lehmer},
  title     = {Mathematical Methods in Large-Scale Computing Units},
  journal   = {The Annals of the Computation Laboratory of Harvard University},
  volume    = {26},
  pages     = {141--146},
  year      = {1951}
}
@book{Strogatz2018,
  author    = {Steven H. Strogatz},
  title     = {Nonlinear Dynamics and Chaos: With Applications to Physics, Biology, Chemistry, and Engineering},
  year      = {2018},
  publisher = {CRC Press},
  edition   = {2nd},
  address   = {Boca Raton, FL}
}

@article{Lorenz1963,
  author    = {Edward N. Lorenz},
  title     = {Deterministic Nonperiodic Flow},
  journal   = {Journal of the Atmospheric Sciences},
  volume    = {20},
  number    = {2},
  pages     = {130--141},
  year      = {1963},
  url       = {https://journals.ametsoc.org/view/journals/atsc/20/2/1520-0469_1963_020_0130_dnflow_2_0_co_2.xml}
}

@article{Szczepanski2001,
  author    = {Janusz Szczepański and Zbigniew Kotulski},
  title     = {Pseudorandom Number Generators Based on Chaotic Dynamical Systems},
  journal   = {Open Systems \& Information Dynamics},
  volume    = {8},
  number    = {2},
  pages     = {137--146},
  year      = {2001},
  publisher = {Kluwer Academic Publishers},
  doi       = {10.1023/A:1011366004661}
}

@article{Behnia2011,
  author    = {S. Behnia and A. Akhavan and A. Akhshani and A. Samsudin},
  title     = {A Novel Dynamic Model of Pseudo Random Number Generator},
  journal   = {Journal of Computational and Applied Mathematics},
  volume    = {235},
  number    = {2011},
  pages     = {3455--3463},
  year      = {2011},
  publisher = {Elsevier B.V.},
  doi       = {10.1016/j.cam.2011.02.006}
}
@article{Madiot2022,
  title={Random number generation with a chaotic electromechanical resonator},
  author={Guilhem Madiot, Franck Correia, Sylvain Barbay, Remy Braive},
  journal={Nanotechnology},
  volume={33},
  number={2022},
  pages={475204},
  year={2022},
  doi={10.1088/1361-6528/ac86da},
  url={https://doi.org/10.1088/1361-6528/ac86da}
}

@inproceedings{Callegari1997,
  author    = {Sergio Callegari and Gianluca Setti and Peter J. Langlois},
  title     = {A CMOS Tailed Tent Map for the Generation of Uniformly Distributed Chaotic Sequences},
  booktitle = {Proceedings of the 1997 IEEE International Symposium on Circuits and Systems (ISCAS '97)},
  year      = {1997},
  volume    = {2},
  pages     = {781--784},
  doi       = {10.1109/ISCAS.1997.621829},
  url       = {https://doi.org/10.1109/ISCAS.1997.621829}
}

@article{Alhomdy2015,
  title={Dynamic Random Number Generator based on User Seed(s)},
  author={Saleh N. Abdullah and Sharaf A. Alhomdy},
  journal={International Journal of Computer Applications},
  volume={118},
  number={3},
  pages={25--28},
  year={2015},
  doi={10.5120/20727-3083},
  url={https://www.researchgate.net/publication/277907020_Dynamic_Random_Number_Generator_based_on_User_Seeds}
}

@article{Phatak1993,
  author    = {S. C. Phatak and S. Suresh Rao},
  title     = {Logistic Map: A Possible Random Number Generator},
  journal   = {arXiv},
  year      = {1993},
  volume    = {cond-mat/9310004},
  url       = {https://arxiv.org/abs/cond-mat/9310004v1}
}

@article{Feigenbaum1978,
  author    = {Mitchell J. Feigenbaum},
  title     = {Quantitative Universality for a Class of Nonlinear Transformations},
  journal   = {Journal of Statistical Physics},
  year      = {1978},
  volume    = {19},
  number    = {1},
  pages     = {25-52},
  doi       = {10.1007/BF01020332},
  url       = {https://www.researchgate.net/publication/226628603_Quantitative_universality_for_a_class_of_nonlinear_transformations}
}

@book{devaney2021,
  author    = {Robert L. Devaney},
  title     = {An Introduction to Chaotic Dynamical Systems},
  publisher = {CRC Press},
  year      = {2021},
  edition   = {3rd}
}

@article{Degirmenci2003,
  author    = {Nedim Degirmenci and Sahin Kocak},
  title     = {Existence of a Dense Orbit and Topological Transitivity: When Are They Equivalent?},
  journal   = {Acta Mathematica Academiae Scientiarum Hungaricae},
  year      = {2003},
  volume    = {100},
  number    = {3-4},
  pages     = {259-268},
  doi       = {10.1023/A:1024567025546},
  url       = {https://www.researchgate.net/publication/251140179_Existence_of_a_dense_orbit_and_topological_transitivity_When_are_they_equivalent}
}

@book{KingMendez2014,
  author    = {Jefferson Edwin King Dávalos and Héctor Méndez Lango},
  title     = {Sistemas Dinámicos Discretos},
  publisher = {Facultad de Ciencias, UNAM},
  year      = {2014},
  edition   = {1st},
  isbn      = {978-607-02-5263-1}
}

@article{Banks1992,
  author    = {John Banks and Grant Cairns and Gretchen Davis and Peter Stacey},
  title     = {On Devaney's Definition of Chaos},
  journal   = {The American Mathematical Monthly},
  year      = {1992},
  volume    = {99},
  number    = {4},
  pages     = {332-334},
  doi       = {10.2307/2324899},
  url       = {https://www.researchgate.net/publication/235605725_On_Devaney%27s_Definition_of_Chaos}
}

@article{Vellekoop1994,
  author    = {Michel Vellekoop and Ronnie Berglund},
  title     = {On Intervals, Transitivity = Chaos},
  journal   = {The American Mathematical Monthly},
  year      = {1994},
  volume    = {101},
  number    = {4},
  pages     = {353-355},
  doi       = {10.2307/2975283}
}

@book{devaney1989,
  author    = {Robert L. Devaney},
  title     = {An Introduction to Chaotic Dynamical Systems},
  publisher = {Addison-Wesley},
  year      = {1989},
}
@article{LiYorke1975,
  author    = {Tien-Yien Li and James A. Yorke},
  title     = {Period Three Implies Chaos},
  journal   = {The American Mathematical Monthly},
  year      = {1975},
  volume    = {82},
  number    = {10},
  pages     = {985-992},
  doi       = {10.2307/2318254},
  url       = {http://www.jstor.org/stable/2318254}
}
@article{Aulbach2001,
  author    = {Bernd Aulbach and Bernd Kieninger},
  title     = {On Three Definitions of Chaos},
  journal   = {Nonlinear Dynamics and Systems Theory},
  year      = {2001},
  volume    = {1},
  number    = {1},
  pages     = {23-37},
  doi       = {},
  url       = {https://example.com/path/to/article}
}
@book{Wolfram2002,
  author    = {Stephen Wolfram},
  title     = {A New Kind of Science},
  publisher = {Wolfram Media, Inc.},
  year      = {2002},
  isbn      = {1-57955-008-8},
  address   = {Champaign, IL},
  url       = {https://www.wolframscience.com}
}

@book{Ripley1987,
  author    = {Brian D. Ripley},
  title     = {Stochastic Simulation},
  series    = {Wiley Series in Probability and Mathematical Statistics. Applied Probability and Statistics},
  publisher = {John Wiley \& Sons},
  year      = {1987},
}
@book{akhiezer2021,
  author    = {N. I. Akhiezer},
  title     = {The Classical Moment Problem and Some Related Questions in Analysis},
  publisher = {Society for Industrial and Applied Mathematics},
  year      = {2021},
  address   = {Philadelphia}
}
@book{shohat1970,
  author    = {J. A. Shohat and J. D. Tamarkin},
  title     = {The Problem of Moments},
  publisher = {American Mathematical Society},
  year      = {1970},
  address   = {Providence}
}
@book{schmudgen2017,
  author    = {Konrad Schmüdgen},
  title     = {The Moment Problem},
  publisher = {Springer International Publishing},
  year      = {2017},
  address   = {Switzerland}
}
